<?xml version="1.0" encoding="UTF-8"?><collection xmlns="http://www.loc.gov/MARC21/slim"><record><leader>00390nam--2200145-i-4500</leader><controlfield tag="001">000021269</controlfield><controlfield tag="002">20161230</controlfield><controlfield tag="005">20161230201034</controlfield><controlfield tag="008">060222s1000------------r-----000-0-eng-d</controlfield><datafield ind1=" " ind2=" " tag="080"><subfield code="a">517(023)</subfield></datafield><datafield ind1=" " ind2=" " tag="100"><subfield code="a">Hincin, A.I</subfield></datafield><datafield ind1=" " ind2=" " tag="245"><subfield code="a">Opt lectii de analiza matematica. trad.de halany a</subfield></datafield><datafield ind1=" " ind2=" " tag="260"><subfield code="a">Bucuresti, Ed.De Stat, 1949, 257/-260/ P</subfield></datafield><datafield ind1=" " ind2=" " tag="852"><subfield code="a">2023</subfield><subfield code="c">517</subfield></datafield><datafield ind1=" " ind2=" " tag="CAT"><subfield code="a">Sys</subfield><subfield code="c">20080617</subfield><subfield code="h">095729</subfield></datafield></record></collection>